%@article{rothmayer2005sae,
%  title={A low-order model of the interaction between air driven water films and sub-grid surface roughness},
%  author={A.P. Rothmayer and H. Hu},
%  journal={SAE Paper 2015-01-2078, SAE 2015 Int. Conf. Icing of Air., Eng. and Struct.},
%  year={2015},
%  publisher={SAE International}
%}
@article{myersReview,
  title={Thin films with high surface tension},
  author={Myers, Tim G},
  journal={SIAM review},
  volume={40},
  number={3},
  pages={441--462},
  year={1998},
  publisher={SIAM}
}
@article{ha2008numerical,
  title={On the numerical solution of a driven thin film equation},
  author={Y. Ha and Y.-J. Kim and T.G. Myers},
  journal={J. Comp. Phys.},
  volume={227},
  number={15},
  pages={7246--7263},
  year={2008},
  publisher={Elsevier}
}
%@article{cockburn1998local,
%  title={The local discontinuous Galerkin method for time-dependent convection-diffusion systems},
%  author={Cockburn, Bernardo and Shu, Chi-Wang},
%  journal={SIAM Journal on Numerical Analysis},
%  volume={35},
%  number={6},
%  pages={2440--2463},
%  year={1998},
%  publisher={SIAM}
%}
%@article{leveque1997wave,
%  title={Wave propagation algorithms for multidimensional hyperbolic systems},
%  author={R.J. LeVeque},
%  journal={J. Comp. Phys.},
%  volume={131},
%  number={2},
%  pages={327--353},
%  year={1997},
%  publisher={Elsevier}
%}
@article{myers2004mathematical,
  title={A mathematical model for atmospheric ice accretion and water flow on a cold surface},
  author={T.G. Myers and J.P.F. Charpin},
  journal={Int. J. Heat and Mass Transfer},
  volume={47},
  number={25},
  pages={5483--5500},
  year={2004},
  publisher={Elsevier}
}
%@article{rossmanith2004wave,
%    title={A wave propagation algorithm for hyperbolic systems on curved manifolds},
%    author={J.A. Rossmanith and D.S. Bale and R.J. LeVeque},
%    journal={J. Comp. Phys.},
%    volume={199},
%    number={2},
%    pages={631--662},
%    year={2004},
%    publisher={Elsevier}
%}
%@article{rossmanith2006wave,
%    title={A wave propagation method for hyperbolic systems on the sphere},
%    author={J.A. Rossmanith},
%    journal={J. Comp. Phys.},
%    volume={213},
%    number={2},
%    pages={629--658},
%    year={2006},
%    publisher={Elsevier}
%}
%@article{article:SpaAll1994,
%    Author = {P.R. Spallart and S.R. Allmaras},
%    Date-Added = {2017-01-18 19:07:42 +0000},
%    Date-Modified = {2017-01-18 19:12:20 +0000},
%    Journal = {AIAA},
%    Pages = {5--21},
%    Title = {A one-equation turbulence model for aerodynamic flows},
%    Volume = {92-0439},
%    Year = {1994}
%}
@misc{dogpack,
    Author = {J.A. Rossmanith},
    Date-Added = {2010-01-27 20:43:05 -0600},
    Date-Modified = {2013-06-13 16:45:27 -0500},
    Note = {Available from {\tt http://www.dogpack-code.org/}},
    Title = {{\sc DoGPack}}
}
@misc{NASA,
    Author = {NASA},
    url = {http://icebox.grc.nasa.gov/gallery/images/C95_03918.html}
}
@article{bertozzi1999undercompressive,
  title={Undercompressive shocks in thin film flows},
  author={Bertozzi, Andrea L and M{\"u}nch, Andreas and Shearer, Michael},
  journal={Physica D: Nonlinear Phenomena},
  volume={134},
  number={4},
  pages={431--464},
  year={1999},
  publisher={Elsevier}
}
@article{oron1997long,
  title={Long-scale evolution of thin liquid films},
  author={Oron, Alexander and Davis, Stephen H and Bankoff, S George},
  journal={Reviews of modern physics},
  volume={69},
  number={3},
  pages={931},
  year={1997},
  publisher={APS}
}
