@misc{dogpack,
    Author = {J.A. Rossmanith},
    Date-Added = {2010-01-27 20:43:05 -0600},
    Date-Modified = {2013-06-13 16:45:27 -0500},
    Note = {Available from {\tt http://www.dogpack-code.org/}},
    Title = {{\sc DoGPack}}
}

@article{kowalski2017moment,
  title={Moment Approximations and Model Cascades for Shallow Flow},
  author={Kowalski, Julia and Torrilhon, Manuel},
  journal={arXiv preprint arXiv:1801.00046},
  year={2017}
}

@article{article:Cockburn1998V,
  title={The Runge--Kutta discontinuous Galerkin method for conservation laws V: multidimensional systems},
  author={Cockburn, Bernardo and Shu, Chi-Wang},
  journal={Journal of Computational Physics},
  volume={141},
  number={2},
  pages={199--224},
  year={1998},
  publisher={Elsevier}
}

@book{leveque2002finite,
  title={Finite volume methods for hyperbolic problems},
  author={LeVeque, Randall J and others},
  volume={31},
  year={2002},
  publisher={Cambridge university press}
}

@article{le1989shock,
  title={Shock waves for nonlinear hyperbolic systems in nonconservative form},
  author={Le Floch, Philippe},
  year={1989}
}

@article{dal1995definition,
  title={Definition and weak stability of nonconservative products},
  author={Dal Maso, Gianni and Lefloch, Philippe G and Murat, Fran{\c{c}}ois},
  journal={Journal de math{\'e}matiques pures et appliqu{\'e}es},
  volume={74},
  number={6},
  pages={483--548},
  year={1995}
}

@article{rhebergen2008discontinuous,
  title={Discontinuous Galerkin finite element methods for hyperbolic nonconservative partial differential equations},
  author={Rhebergen, Sander and Bokhove, Onno and van der Vegt, Jaap JW},
  journal={Journal of Computational Physics},
  volume={227},
  number={3},
  pages={1887--1922},
  year={2008},
  publisher={Elsevier}
}

@article{moe2015simple,
  title={A simple and effective high-order shock-capturing limiter for discontinuous Galerkin methods},
  author={Moe, Scott A and Rossmanith, James A and Seal, David C},
  journal={arXiv preprint arXiv:1507.03024},
  year={2015}
}