@book{hesthaven2007nodal,
  title={Nodal discontinuous Galerkin methods: algorithms, analysis, and applications},
  author={Hesthaven, Jan S and Warburton, Tim},
  year={2007},
  publisher={Springer Science \& Business Media}
}

@book{leveque2002finite,
  title={Finite volume methods for hyperbolic problems},
  author={LeVeque, Randall J and others},
  volume={31},
  year={2002},
  publisher={Cambridge university press}
}

@article{rhebergen2008discontinuous,
  title={Discontinuous Galerkin finite element methods for hyperbolic nonconservative partial differential equations},
  author={Rhebergen, Sander and Bokhove, Onno and van der Vegt, Jaap JW},
  journal={Journal of Computational Physics},
  volume={227},
  number={3},
  pages={1887--1922},
  year={2008},
  publisher={Elsevier}
}

@article{dal1995definition,
  title={Definition and weak stability of nonconservative products},
  author={Dal Maso, Gianni and Lefloch, Philippe G and Murat, Fran{\c{c}}ois},
  journal={Journal de math{\'e}matiques pures et appliqu{\'e}es},
  volume={74},
  number={6},
  pages={483--548},
  year={1995}
}

@misc{dogpack,
    Author = {J.A. Rossmanith},
    Date-Added = {2010-01-27 20:43:05 -0600},
    Date-Modified = {2013-06-13 16:45:27 -0500},
    Note = {Available from {\tt http://www.dogpack-code.org/}},
    Title = {{\sc DoGPack}}
}

@article{kowalski2017moment,
  title={Moment Approximations and Model Cascades for Shallow Flow},
  author={Kowalski, Julia and Torrilhon, Manuel},
  journal={arXiv preprint arXiv:1801.00046},
  year={2017}
}

@article{article:Cockburn1991I,
  title={The Runge-Kutta local projection-discontinuous-Galerkin finite element method for scalar conservation laws},
  author={Cockburn, Bernardo and Shu, Chi-Wang},
  journal={ESAIM: Mathematical Modelling and Numerical Analysis},
  volume={25},
  number={3},
  pages={337--361},
  year={1991},
  publisher={EDP Sciences}
}

@article{article:Cockburn1989II,
  title={TVB Runge-Kutta local projection discontinuous Galerkin finite element method for conservation laws. II. General framework},
  author={Cockburn, Bernardo and Shu, Chi-Wang},
  journal={Mathematics of computation},
  volume={52},
  number={186},
  pages={411--435},
  year={1989}
}

@article{article:Cockburn1989III,
  title={TVB Runge-Kutta local projection discontinuous Galerkin finite element method for conservation laws III: one-dimensional systems},
  author={Cockburn, Bernardo and Lin, San-Yih and Shu, Chi-Wang},
  journal={Journal of Computational Physics},
  volume={84},
  number={1},
  pages={90--113},
  year={1989},
  publisher={Elsevier}
}

@article{article:Cockburn1990IV,
  title={The Runge-Kutta local projection discontinuous Galerkin finite element method for conservation laws. IV. The multidimensional case},
  author={Cockburn, Bernardo and Hou, Suchung and Shu, Chi-Wang},
  journal={Mathematics of Computation},
  volume={54},
  number={190},
  pages={545--581},
  year={1990}
}

@article{article:Cockburn1998V,
  title={The Runge--Kutta discontinuous Galerkin method for conservation laws V: multidimensional systems},
  author={Cockburn, Bernardo and Shu, Chi-Wang},
  journal={Journal of Computational Physics},
  volume={141},
  number={2},
  pages={199--224},
  year={1998},
  publisher={Elsevier}
}

@article{le1989shock,
  title={Shock waves for nonlinear hyperbolic systems in nonconservative form},
  author={Le Floch, Philippe},
  year={1989}
}

@article{moe2015simple,
  title={A simple and effective high-order shock-capturing limiter for discontinuous Galerkin methods},
  author={Moe, Scott A and Rossmanith, James A and Seal, David C},
  journal={arXiv preprint arXiv:1507.03024},
  year={2015}
}

@article{koellermeier2020steady,
  title={Steady states and well-balanced schemes for shallow water moment equations with topography},
  author={Koellermeier, Julian and Pimentel-Garcia, Ernesto},
  journal={arXiv preprint arXiv:2011.07667},
  year={2020}
}

@techreport{techreport:Reed1973,
  title={Triangular mesh methods for the neutron transport equation},
  author={Reed, William H and Hill, TR},
  year={1973},
  institution={Los Alamos Scientific Lab., N. Mex.(USA)}
}

@article{huang2020equilibrium,
  title={Equilibrium stability analysis of hyperbolic shallow water moment equations},
  author={Huang, Qian and Koellermeier, Julian and Yong, Wen-An},
  journal={arXiv preprint arXiv:2011.08571},
  year={2020}
}