@article{article:Bertozzi1999,
  title={Undercompressive shocks in thin film flows},
  author={Bertozzi, Andrea L and M{\"u}nch, Andreas and Shearer, Michael},
  journal={Physica D: Nonlinear Phenomena},
  volume={134},
  number={4},
  pages={431--464},
  year={1999},
  publisher={Elsevier}
}

@article{article:Ha2008,
  title={On the numerical solution of a driven thin film equation},
  author={Ha, Youngsoo and Kim, Yong-Jung and Myers, Tim G},
  journal={Journal of Computational Physics},
  volume={227},
  number={15},
  pages={7246--7263},
  year={2008},
  publisher={Elsevier}
}

@article{article:Cockburn1998LDG,
  title={The local discontinuous Galerkin method for time-dependent convection-diffusion systems},
  author={Cockburn, Bernardo and Shu, Chi-Wang},
  journal={SIAM Journal on Numerical Analysis},
  volume={35},
  number={6},
  pages={2440--2463},
  year={1998},
  publisher={SIAM}
}

@article{article:Cockburn1991I,
  title={The Runge-Kutta local projection-discontinuous-Galerkin finite element method for scalar conservation laws},
  author={Cockburn, Bernardo and Shu, Chi-Wang},
  journal={ESAIM: Mathematical Modelling and Numerical Analysis},
  volume={25},
  number={3},
  pages={337--361},
  year={1991},
  publisher={EDP Sciences}
}

@article{article:Cockburn1989II,
  title={TVB Runge-Kutta local projection discontinuous Galerkin finite element method for conservation laws. II. General framework},
  author={Cockburn, Bernardo and Shu, Chi-Wang},
  journal={Mathematics of computation},
  volume={52},
  number={186},
  pages={411--435},
  year={1989}
}

@article{article:Cockburn1989III,
  title={TVB Runge-Kutta local projection discontinuous Galerkin finite element method for conservation laws III: one-dimensional systems},
  author={Cockburn, Bernardo and Lin, San-Yih and Shu, Chi-Wang},
  journal={Journal of Computational Physics},
  volume={84},
  number={1},
  pages={90--113},
  year={1989},
  publisher={Elsevier}
}

@article{article:Cockburn1990IV,
  title={The Runge-Kutta local projection discontinuous Galerkin finite element method for conservation laws. IV. The multidimensional case},
  author={Cockburn, Bernardo and Hou, Suchung and Shu, Chi-Wang},
  journal={Mathematics of Computation},
  volume={54},
  number={190},
  pages={545--581},
  year={1990}
}

@article{article:Cockburn1998V,
  title={The Runge--Kutta discontinuous Galerkin method for conservation laws V: multidimensional systems},
  author={Cockburn, Bernardo and Shu, Chi-Wang},
  journal={Journal of Computational Physics},
  volume={141},
  number={2},
  pages={199--224},
  year={1998},
  publisher={Elsevier}
}

@techreport{techreport:Reed1973,
  title={Triangular mesh methods for the neutron transport equation},
  author={Reed, William H and Hill, TR},
  year={1973},
  institution={Los Alamos Scientific Lab., N. Mex.(USA)}
}

@article{article:kataoka1997theoretical,
  title={A theoretical study of instabilities at the advancing front of thermally driven coating films},
  author={Kataoka, Dawn E and Troian, Sandra M},
  journal={Journal of colloid and interface science},
  volume={192},
  number={2},
  pages={350--362},
  year={1997},
  publisher={Elsevier}
}

@article{article:cazabat1990fingering,
  title={Fingering instability of thin spreading films driven by temperature gradients},
  author={Cazabat, AM and Heslot, F and Troian, SM and Carles, P},
  journal={Nature},
  volume={346},
  number={6287},
  pages={824},
  year={1990},
  publisher={Nature Publishing Group}
}

@article{article:ludviksson1971dynamics,
  title={The dynamics of thin liquid films in the presence of surface-tension gradients},
  author={Ludviksson, V and Lightfoot, EN},
  journal={AIChE Journal},
  volume={17},
  number={5},
  pages={1166--1173},
  year={1971},
  publisher={Wiley Online Library}
}

@article{article:bertozzi1998contact,
  title={Contact line stability and “undercompressive shocks” in driven thin film flow},
  author={Bertozzi, Andrea L and M{\"u}nch, Andreas and Fanton, Xavier and Cazabat, Anne Marie},
  journal={Physical review letters},
  volume={81},
  number={23},
  pages={5169},
  year={1998},
  publisher={APS}
}

@article{bertozzi1997linear,
  title={Linear stability and transient growth in driven contact lines},
  author={Bertozzi, Andrea L and Brenner, Michael P},
  journal={Physics of Fluids},
  volume={9},
  number={3},
  pages={530--539},
  year={1997},
  publisher={AIP}
}

@article{article:pareschi2005IMEX,
  title={Implicit--explicit Runge--Kutta schemes and applications to hyperbolic systems with relaxation},
  author={Pareschi, Lorenzo and Russo, Giovanni},
  journal={Journal of Scientific computing},
  volume={25},
  number={1},
  pages={129--155},
  year={2005},
  publisher={Springer}
}

@article{article:pareschi2000IMEX,
  title={Implicit-explicit Runge-Kutta schemes for stiff systems of differential equations},
  author={Pareschi, Lorenzo and Russo, Giovanni},
  journal={Recent trends in numerical analysis},
  volume={3},
  pages={269--289},
  year={2000}
}

@article{article:myers2002slowly,
  title={Slowly accreting ice due to supercooled water impacting on a cold surface},
  author={Myers, TG and Charpin, JPF and Thompson, CP},
  journal={Physics of Fluids},
  volume={14},
  number={1},
  pages={240--256},
  year={2002},
  publisher={AIP}
}

@article{article:myers2002flow,
  title={The flow and solidification of a thin fluid film on an arbitrary three-dimensional surface},
  author={Myers, Tim G and Charpin, Jean PF and Chapman, S Jon},
  journal={Physics of Fluids},
  volume={14},
  number={8},
  pages={2788--2803},
  year={2002},
  publisher={AIP}
}

@article{article:ascher1997implicit,
  title={Implicit-explicit Runge-Kutta methods for time-dependent partial differential equations},
  author={Ascher, Uri M and Ruuth, Steven J and Spiteri, Raymond J},
  journal={Applied Numerical Mathematics},
  volume={25},
  number={2-3},
  pages={151--167},
  year={1997},
  publisher={Elsevier}
}

@article{kennedy2003additive,
  title={Additive Runge--Kutta schemes for convection--diffusion--reaction equations},
  author={Kennedy, Christopher A and Carpenter, Mark H},
  journal={Applied Numerical Mathematics},
  volume={44},
  number={1-2},
  pages={139--181},
  year={2003},
  publisher={Elsevier}
}