@misc{dogpack,
    Author = {J.A. Rossmanith},
    Date-Added = {2010-01-27 20:43:05 -0600},
    Date-Modified = {2013-06-13 16:45:27 -0500},
    Note = {Available from {\tt http://www.dogpack-code.org/}},
    Title = {{\sc DoGPack}}
}

@article{kowalski2017moment,
  title={Moment Approximations and Model Cascades for Shallow Flow},
  author={Kowalski, Julia and Torrilhon, Manuel},
  journal={arXiv preprint arXiv:1801.00046},
  year={2017}
}

@article{article:Cockburn1998V,
  title={The Runge--Kutta discontinuous Galerkin method for conservation laws V: multidimensional systems},
  author={Cockburn, Bernardo and Shu, Chi-Wang},
  journal={Journal of Computational Physics},
  volume={141},
  number={2},
  pages={199--224},
  year={1998},
  publisher={Elsevier}
}

@book{leveque2002finite,
  title={Finite volume methods for hyperbolic problems},
  author={LeVeque, Randall J and others},
  volume={31},
  year={2002},
  publisher={Cambridge university press}
}

@article{le1989shock,
  title={Shock waves for nonlinear hyperbolic systems in nonconservative form},
  author={Le Floch, Philippe},
  year={1989}
}

@article{dal1995definition,
  title={Definition and weak stability of nonconservative products},
  author={Dal Maso, Gianni and Lefloch, Philippe G and Murat, Fran{\c{c}}ois},
  journal={Journal de math{\'e}matiques pures et appliqu{\'e}es},
  volume={74},
  number={6},
  pages={483--548},
  year={1995}
}

@article{rhebergen2008discontinuous,
  title={Discontinuous Galerkin finite element methods for hyperbolic nonconservative partial differential equations},
  author={Rhebergen, Sander and Bokhove, Onno and van der Vegt, Jaap JW},
  journal={Journal of Computational Physics},
  volume={227},
  number={3},
  pages={1887--1922},
  year={2008},
  publisher={Elsevier}
}

@article{moe2015simple,
  title={A simple and effective high-order shock-capturing limiter for discontinuous Galerkin methods},
  author={Moe, Scott A and Rossmanith, James A and Seal, David C},
  journal={arXiv preprint arXiv:1507.03024},
  year={2015}
}

@article{myersReview,
  title={Thin films with high surface tension},
  author={Myers, Tim G},
  journal={SIAM review},
  volume={40},
  number={3},
  pages={441--462},
  year={1998},
  publisher={SIAM}
}
@article{ha2008numerical,
  title={On the numerical solution of a driven thin film equation},
  author={Y. Ha and Y.-J. Kim and T.G. Myers},
  journal={J. Comp. Phys.},
  volume={227},
  number={15},
  pages={7246--7263},
  year={2008},
  publisher={Elsevier}
}
@article{cockburn1998local,
  title={The local discontinuous Galerkin method for time-dependent convection-diffusion systems},
  author={Cockburn, Bernardo and Shu, Chi-Wang},
  journal={SIAM Journal on Numerical Analysis},
  volume={35},
  number={6},
  pages={2440--2463},
  year={1998},
  publisher={SIAM}
}
@article{myers2004mathematical,
  title={A mathematical model for atmospheric ice accretion and water flow on a cold surface},
  author={T.G. Myers and J.P.F. Charpin},
  journal={Int. J. Heat and Mass Transfer},
  volume={47},
  number={25},
  pages={5483--5500},
  year={2004},
  publisher={Elsevier}
}
@misc{dogpack,
    Author = {J.A. Rossmanith},
    Date-Added = {2010-01-27 20:43:05 -0600},
    Date-Modified = {2013-06-13 16:45:27 -0500},
    Note = {Available from {\tt http://www.dogpack-code.org/}},
    Title = {{\sc DoGPack}}
}

@article{pareschi2005implicit,
  title={Implicit--explicit Runge--Kutta schemes and applications to hyperbolic systems with relaxation},
  author={Pareschi, Lorenzo and Russo, Giovanni},
  journal={Journal of Scientific computing},
  volume={25},
  number={1},
  pages={129--155},
  year={2005},
  publisher={Springer}
}

@article{pareschi2000implicit,
  title={Implicit-explicit Runge-Kutta schemes for stiff systems of differential equations},
  author={Pareschi, Lorenzo and Russo, Giovanni},
  journal={Recent trends in numerical analysis},
  volume={3},
  pages={269--289},
  year={2000}
}

@article{bertozzi1999undercompressive,
  title={Undercompressive shocks in thin film flows},
  author={Bertozzi, Andrea L and M{\"u}nch, Andreas and Shearer, Michael},
  journal={Physica D: Nonlinear Phenomena},
  volume={134},
  number={4},
  pages={431--464},
  year={1999},
  publisher={Elsevier}
}

@article{oron1997long,
  title={Long-scale evolution of thin liquid films},
  author={Oron, Alexander and Davis, Stephen H and Bankoff, S George},
  journal={Reviews of modern physics},
  volume={69},
  number={3},
  pages={931},
  year={1997},
  publisher={APS}
}

@article{williamson1992standard,
  title={A standard test set for numerical approximations to the shallow water equations in spherical geometry},
  author={Williamson, David L and Drake, John B and Hack, James J and Jakob, R{\"u}diger and Swarztrauber, Paul N},
  journal={Journal of Computational Physics},
  volume={102},
  number={1},
  pages={211--224},
  year={1992},
  publisher={Elsevier}
}

@article{kowalski2017moment,
  title={Moment Approximations and Model Cascades for Shallow Flow},
  author={Kowalski, Julia and Torrilhon, Manuel},
  journal={arXiv preprint arXiv:1801.00046},
  year={2017}
}

@article{article:Cockburn1998V,
  title={The Runge--Kutta discontinuous Galerkin method for conservation laws V: multidimensional systems},
  author={Cockburn, Bernardo and Shu, Chi-Wang},
  journal={Journal of Computational Physics},
  volume={141},
  number={2},
  pages={199--224},
  year={1998},
  publisher={Elsevier}
}

@book{leveque2002finite,
  title={Finite volume methods for hyperbolic problems},
  author={LeVeque, Randall J and others},
  volume={31},
  year={2002},
  publisher={Cambridge university press}
}

@article{rossmanith2006wave,
  title={A wave propagation method for hyperbolic systems on the sphere},
  author={Rossmanith, James A},
  journal={Journal of Computational Physics},
  volume={213},
  number={2},
  pages={629--658},
  year={2006},
  publisher={Elsevier}
}